<?xml version="1.0" encoding="UTF-8"?><collection xmlns="http://www.loc.gov/MARC21/slim"><record><leader>00345nam--2200133-i-4500</leader><controlfield tag="001">000029115</controlfield><controlfield tag="002">20161230</controlfield><controlfield tag="005">20161230201037</controlfield><controlfield tag="008">060222s1000------------r-----000-0-eng-d</controlfield><datafield ind1=" " ind2=" " tag="080"><subfield code="a">669.268</subfield></datafield><datafield ind1=" " ind2=" " tag="100"><subfield code="a">Levitschi, G.S</subfield></datafield><datafield ind1=" " ind2=" " tag="245"><subfield code="a">Cromarea pieselor de masini si a sculelor</subfield></datafield><datafield ind1=" " ind2=" " tag="260"><subfield code="a">Bucuresti, Inst.De Docum.Tehnica, 1951, 232p</subfield></datafield><datafield ind1=" " ind2=" " tag="852"><subfield code="a">26351</subfield></datafield></record></collection>